@article{ 	Hoffman-Singleton,
			author = "A.J. Hoffman and R.R. Singleton",
			title = "On Moore graphs with diameter 2 and 3",
			publisher = "IBM J. Res Develop.",
			number = "4",
			year = "1960" }

@article{ 	Erdos-Fajtlowicz-Hoffman,
			author = "P. Erdoős S. Fajtlowicz A.J. Hoffman",
			title = "Maximum Degree in graphs of diameter 2",
			publisher = "Networks",
			number = "10",
			year = "(1980) 87-90" }

@article{ 	Gross-Tucker,
			author = "J.L. Gross T.W. Tucker",
			title = "Topological Graph Theory",
			publisher = "Wiley",
			address = "New York",
			year = "(1987)" }

@article{ 	Exoo,
			author = "G. Exoo",
			title = "A Family of Graphs and the Degree/Diameter Problem",
			publisher = "J. Graph Theory",
			number = "37 (2) ",
			address = "New York",
			year = "(2001) 305-317" }

@article{ 	Jajcay-Macaj-Siran,
			author = "R. Jajcay M. Mačaj J. Širáň",
			title = "The vertex-transitive Moore bound",
			publisher = "In preparation" }

@article{	Degree-diameter-survey,
			author = {Miller Mirka and Širáň Jozef},
			year = {2005},
			month = {12},
			pages = {1-61},
			title = {Moore graphs and beyond: A survey of the degree/diameter problem},
			volume = {14},
			booktitle = {Electronic Journal of Combinatorics, Dynamic survey} }

